@misc{ wiki:Python,
  author = "维基百科",
  title = "Python --- 维基百科{,} 自由的百科全书",
  year = "2017",
  howpublished = "\url{https://zh.wikipedia.org/w/index.php?title=Python&oldid=43770680}",
}

@misc{ wiki:Boost,
  author = "维基百科",
  title = "Boost C++ Libraries --- 维基百科{,} 自由的百科全书",
  year = "2017",
  howpublished = "\url{https://zh.wikipedia.org/w/index.php?title=Boost_C%2B%2B_Libraries&oldid=42721688}",
}

@misc{ wiki:树莓派,
  author = "维基百科",
  title = "树莓派 --- 维基百科{,} 自由的百科全书",
  year = "2017",
  howpublished = "\url{https://zh.wikipedia.org/w/index.php?title=%E6%A0%91%E8%8E%93%E6%B4%BE&oldid=44138173}",
}

@misc{ wiki:CMake,
  author = "维基百科",
  title = "CMake --- 维基百科{,} 自由的百科全书",
  year = "2017",
  howpublished = "\url{https://zh.wikipedia.org/w/index.php?title=CMake&oldid=44217154}",
}

@Misc{ wiki:Doxygen,
  author = {维基百科},
  title  = {Doxygen --- 维基百科{,} 自由的百科全书},
  year   = {2017},
  howpublished    = {\url{https://zh.wikipedia.org/w/index.php?title=Doxygen&oldid=42734857}},
}

@Misc{ wiki:SWIG,
  author = {Wikipedia},
  title  = {SWIG --- Wikipedia{,} The Free Encyclopedia},
  year   = {2017},
  howpublished    = {\url{https://en.wikipedia.org/w/index.php?title=SWIG&oldid=771612694}},
}

@misc{ wiki:USRP,
  author = "Wikipedia",
  title = "Universal Software Radio Peripheral --- Wikipedia{,} The Free Encyclopedia",
  year = "2017",
  howpublished = "\url{https://en.wikipedia.org/w/index.php?title=Universal_Software_Radio_Peripheral&oldid=777159925}",
}

@misc{ wiki:GitHub,
  author = "维基百科",
  title = "GitHub --- 维基百科{,} 自由的百科全书",
  year = "2017",
  howpublished = "\url{https://zh.wikipedia.org/w/index.php?title=GitHub&oldid=43503333}",
}

@misc{ wiki:Docker,
  author = "维基百科",
  title = "Docker (软件) --- 维基百科{,} 自由的百科全书",
  year = "2017",
  howpublished = "\url{https://zh.wikipedia.org/w/index.php?title=Docker_(%E8%BB%9F%E9%AB%94)&oldid=42628638}",
}

@misc{ wiki:Git,
  author = "维基百科",
  title = "Git --- 维基百科{,} 自由的百科全书",
  year = "2017",
  howpublished = "\url{https://zh.wikipedia.org/w/index.php?title=Git&oldid=44150304}",
}

@misc{ wiki:DVB-T,
  author = "维基百科",
  title = "DVB-T --- 维基百科{,} 自由的百科全书",
  year = "2017",
  howpublished = "\url{https://zh.wikipedia.org/w/index.php?title=DVB-T&oldid=43988067}",
}

@misc{ wiki:PRBS,
  author = "维基百科",
  title = "伪乱数二进制数列 --- 维基百科{,} 自由的百科全书",
  year = "2016",
  url = "\url{https://zh.wikipedia.org/w/index.php?title=%E5%81%BD%E4%BA%82%E6%95%B8%E4%BA%8C%E9%80%B2%E4%BD%8D%E6%95%B8%E5%88%97&oldid=42458430}",
}

@article{数字电视DVB标准能量扩散的FPGA设计与实现_肖闽进,
  title={数字电视 DVB 标准能量扩散的 FPGA 设计与实现},
  author={肖闽进},
  journal={常州工学院学报},
  volume={21},
  number={1},
  pages={30--33},
  year={2008}
}

@article{用FPGA实现DVB标准中的卷积交织_刘静,
  title={用 FPGA 实现 DVB 标准中的卷积交织},
  author={刘静},
  journal={无线电通信技术},
  volume={27},
  number={5},
  pages={17--18},
  year={2001}
}

@article{RS编码器的设计与实现_游余新,
  title={RS (204,188) 编码器的设计与实现},
  author={游余新 and 王进祥 and 来逢昌},
  journal={微处理机},
  number={1},
  pages={50--52},
  year={2001}
}